<record><leader>00000cas a2200000 a 4500</leader><controlfield tag="001">11420467</controlfield><controlfield tag="008">841126d1864186ucauwr ne      0    0eng c</controlfield><datafield ind1=" " ind2=" " tag="010"><subfield code="a">sn 84031806 </subfield></datafield><datafield ind1=" " ind2=" " tag="040"><subfield code="a">NYG</subfield><subfield code="b">eng</subfield><subfield code="c">NYG</subfield><subfield code="d">NPX</subfield><subfield code="d">DLC</subfield><subfield code="d">MGN</subfield><subfield code="d">CNK</subfield><subfield code="d">NVF</subfield><subfield code="d">CNK</subfield><subfield code="d">OCL</subfield><subfield code="d">NYS</subfield><subfield code="d">OCLCQ</subfield><subfield code="d">OCLCF</subfield><subfield code="d">OCLCO</subfield></datafield><datafield ind1="1" ind2=" " tag="029"><subfield code="a">AU@</subfield><subfield code="b">000020232573</subfield></datafield><datafield ind1=" " ind2=" " tag="042"><subfield code="a">pcc</subfield></datafield><datafield ind1=" " ind2=" " tag="043"><subfield code="a">n-us-ca</subfield></datafield><datafield ind1="0" ind2="0" tag="050"><subfield code="a">Newspaper 7152</subfield></datafield><datafield ind1="0" ind2="0" tag="245"><subfield code="a">Weekly American flag.</subfield></datafield><datafield ind1=" " ind2=" " tag="260"><subfield code="a">San Francisco [Calif.] :</subfield><subfield code="b">D.O. McCarthy</subfield></datafield><datafield ind1=" " ind2=" " tag="300"><subfield code="a">v. :</subfield><subfield code="b">ill. ;</subfield><subfield code="c">64-66 cm.</subfield></datafield><datafield ind1=" " ind2=" " tag="310"><subfield code="a">Weekly</subfield></datafield><datafield ind1="1" ind2=" " tag="362"><subfield code="a">Began in 1864.</subfield></datafield><datafield ind1=" " ind2=" " tag="500"><subfield code="a">Published at Sonora, Calif., &lt;Feb. 1864&gt;; at San Francisco, Calif., 1864-1865. Cf. Gregory, W. Amer. newspapers.</subfield></datafield><datafield ind1=" " ind2=" " tag="500"><subfield code="a">Illustrations: (port.)--John Wilkes Booth, Apr. 22, 1865; Assasination of Abraham Lincoln, Apr. 29, 1865.</subfield></datafield><datafield ind1=" " ind2=" " tag="580"><subfield code="a">Daily ed.: Daily American flag.</subfield></datafield><datafield ind1=" " ind2=" " tag="588"><subfield code="a">Description based on: Vol. 3, no. 13 (Apr. 23, 1864).</subfield></datafield><datafield ind1=" " ind2="0" tag="651"><subfield code="a">San Francisco (Calif.)</subfield><subfield code="v">Newspapers.</subfield></datafield><datafield ind1=" " ind2="7" tag="655"><subfield code="a">Newspapers.</subfield><subfield code="2">fast</subfield><subfield code="0">(OCoLC)fst01423814</subfield></datafield><datafield ind1=" " ind2="7" tag="651"><subfield code="a">California</subfield><subfield code="z">San Francisco.</subfield><subfield code="2">fast</subfield><subfield code="0">(OCoLC)fst01204481</subfield></datafield><datafield ind1=" " ind2=" " tag="752"><subfield code="a">United States</subfield><subfield code="b">California</subfield><subfield code="c">San Francisco</subfield><subfield code="d">San Francisco.</subfield></datafield><datafield ind1=" " ind2=" " tag="752"><subfield code="a">United States</subfield><subfield code="b">California</subfield><subfield code="c">Tuolumne</subfield><subfield code="d">Sonora.</subfield></datafield><datafield ind1="1" ind2=" " tag="775"><subfield code="t">Daily American flag</subfield><subfield code="w">(DLC)sn 82014194</subfield><subfield code="w">(OCoLC)8772930</subfield></datafield><datafield ind1="0" ind2=" " tag="775"><subfield code="t">Flag's evening dispatch</subfield><subfield code="w">(DLC)sn 82006820</subfield><subfield code="w">(OCoLC)8781101</subfield></datafield><datafield ind1="0" ind2="0" tag="780"><subfield code="t">American flag (Sonora, Calif.)</subfield><subfield code="w">(DLC)sn 93059160</subfield><subfield code="w">(OCoLC)27424698</subfield></datafield></record>